<?xml version="1.0" encoding="UTF-8"?><record xmlns="http://www.loc.gov/MARC21/slim" xmlns:cinclude="http://apache.org/cocoon/include/1.0" xmlns:zs="http://www.loc.gov/zing/srw/">
  <leader>00420nz  a2200145n  4500</leader>
  <controlfield tag="001">no2008148486</controlfield>
  <controlfield tag="003">DLC</controlfield>
  <controlfield tag="005">20081011203206.0</controlfield>
  <controlfield tag="008">081009n| acannaabn          |n aaa     c</controlfield>
  <datafield tag="010" ind1=" " ind2=" ">
    <subfield code="a">no2008148486</subfield>
  </datafield>
  <datafield tag="035" ind1=" " ind2=" ">
    <subfield code="a">(OCoLC)oca07903098</subfield>
  </datafield>
  <datafield tag="040" ind1=" " ind2=" ">
    <subfield code="a">TCooP</subfield>
    <subfield code="b">eng</subfield>
    <subfield code="c">TCooP</subfield>
  </datafield>
  <datafield tag="100" ind1="1" ind2=" ">
    <subfield code="a">Ourdache, Mohamed</subfield>
  </datafield>
  <datafield tag="670" ind1=" " ind2=" ">
    <subfield code="a">Madinat bab el-oued, c1994:</subfield>
    <subfield code="b">cast credits (Mohamed Ourdache)</subfield>
  </datafield>
  <datafield tag="670" ind1=" " ind2=" ">
    <subfield code="a">IMDb, Oct. 9, 2008</subfield>
    <subfield code="b">(Mohamed Ourdache; actor)</subfield>
  </datafield>
</record>